@article{Feller,
	doi = {10.1073/pnas.1717176115},
	url = {https://doi.org/10.1073%2Fpnas.1717176115},
	year = 2018, month = {oct},
	publisher = {Proceedings of the National Academy of Sciences},
	volume = {115},
	number = {43},
	pages = {10869--10874},
	author = {Peter Feller and Michael Klug and Trenton Schirmer and Drew Zemke},
	title = {Calculating the homology and intersection form of a 4-manifold from a trisection diagram},
	journal = {Proceedings of the National Academy of Sciences}
}
